@misc{grover1996fast,
	title={A fast quantum mechanical algorithm for database search}, 
	author={Lov K. Grover},
	year={1996},
	eprint={quant-ph/9605043},
	archivePrefix={arXiv},
	primaryClass={quant-ph}
}


@misc{srinivasan2018efficient,
	title={Efficient quantum algorithm for solving travelling salesman problem: An IBM quantum experience}, 
	author={Karthik Srinivasan and Saipriya Satyajit and Bikash K. Behera and Prasanta K. Panigrahi},
	year={2018},
	eprint={1805.10928},
	archivePrefix={arXiv},
	primaryClass={quant-ph}
}


@misc{kitaev1995quantum,
	title={Quantum measurements and the Abelian Stabilizer Problem}, 
	author={A. Yu. Kitaev},
	year={1995},
	eprint={quant-ph/9511026},
	archivePrefix={arXiv},
	primaryClass={quant-ph}
}

@INPROCEEDINGS{Shor,
	author={Shor, P.W.},
	booktitle={Proceedings 35th Annual Symposium on Foundations of Computer Science}, 
	title={Algorithms for quantum computation: discrete logarithms and factoring}, 
	year={1994},
	volume={},
	number={},
	pages={124-134},
	doi={10.1109/SFCS.1994.365700}}


@book{nielsen00,
	added-at = {2010-06-22T17:54:31.000+0200},
	author = {Nielsen, Michael A. and Chuang, Isaac L.},
	biburl = {https://www.bibsonomy.org/bibtex/222bf6f3de23faf420214d738924ac21b/mcclung},
	interhash = {140ce4be72c2994b45286dbaa98d0bd3},
	intrahash = {22bf6f3de23faf420214d738924ac21b},
	keywords = {computing information quantum},
	publisher = {Cambridge University Press},
	timestamp = {2010-06-22T17:54:31.000+0200},
	title = {Quantum Computation and Quantum Information},
	year = 2000
}


	